<record><leader>00000cas a22000007a 4500</leader><controlfield tag="001">1567807</controlfield><controlfield tag="008">750824d18991981mnuwr ne      0    0eng d</controlfield><controlfield tag="009">501</controlfield><datafield ind1=" " ind2=" " tag="010"><subfield code="a">sn 90057618 </subfield></datafield><datafield ind1=" " ind2=" " tag="040"><subfield code="a">MUL</subfield><subfield code="b">eng</subfield><subfield code="c">MUL</subfield><subfield code="d">OCL</subfield><subfield code="d">MN#</subfield><subfield code="d">OCLCQ</subfield></datafield><datafield ind1="1" ind2=" " tag="029"><subfield code="a">AU@</subfield><subfield code="b">000025874485</subfield></datafield><datafield ind1=" " ind2=" " tag="042"><subfield code="a">msc</subfield></datafield><datafield ind1=" " ind2=" " tag="043"><subfield code="a">n-us-mn</subfield></datafield><datafield ind1=" " ind2=" " tag="052"><subfield code="a">4144</subfield><subfield code="b">E6</subfield></datafield><datafield ind1=" " ind2=" " tag="052"><subfield code="a">4143</subfield><subfield code="b">F3</subfield></datafield><datafield ind1="0" ind2="4" tag="245"><subfield code="a">The Elmore eye.</subfield></datafield><datafield ind1=" " ind2=" " tag="260"><subfield code="a">Elmore, Minn. :</subfield><subfield code="b">W.A. Bruss,</subfield><subfield code="c">1899-1981.</subfield></datafield><datafield ind1=" " ind2=" " tag="300"><subfield code="a">84 v.</subfield></datafield><datafield ind1=" " ind2=" " tag="310"><subfield code="a">Weekly</subfield></datafield><datafield ind1="0" ind2=" " tag="362"><subfield code="a">Vol. 8, no. 14 (Apr. 7, 1899)-91st year, 1st issue (Dec. 30, 1981).</subfield></datafield><datafield ind1=" " ind2=" " tag="530"><subfield code="a">Available on microfilm from the Minnesota Historical Society.</subfield></datafield><datafield ind1=" " ind2=" " tag="580"><subfield code="a">Merged with: Blue Earth post; and: Winnebago enterprise; to form: Post ambassador.</subfield></datafield><datafield ind1=" " ind2="0" tag="651"><subfield code="a">Elmore (Minn.)</subfield><subfield code="v">Newspapers.</subfield></datafield><datafield ind1=" " ind2=" " tag="752"><subfield code="a">United States</subfield><subfield code="b">Minnesota</subfield><subfield code="c">Faribault</subfield><subfield code="d">Elmore.</subfield></datafield><datafield ind1="0" ind2="0" tag="780"><subfield code="t">Eye (Elmore, Minn.)</subfield><subfield code="w">(DLC)sn 90057620</subfield></datafield><datafield ind1="1" ind2="7" tag="785"><subfield code="t">Blue Earth post</subfield><subfield code="w">(DLC)sn 90057609</subfield></datafield><datafield ind1="1" ind2="7" tag="785"><subfield code="t">Winnebago enterprise</subfield><subfield code="w">(DLC)sn 90057632</subfield></datafield><datafield ind1="1" ind2="7" tag="785"><subfield code="t">Post ambassador</subfield><subfield code="w">(DLC)sn 84007733</subfield></datafield></record>